<?xml version="1.0" encoding="UTF-8"?>
<record xmlns="http://www.loc.gov/MARC21/slim" xmlns:xsi="http://www.w3.org/2001/XMLSchema-instance" xsi:schemaLocation="http://www.loc.gov/MARC21/slim http://www.loc.gov/standards/marcxml/schema/MARC21slim.xsd">
    <leader>00000nam  2200000   4500</leader>
    <controlfield tag="FMT">BK</controlfield>
    <controlfield tag="LDR">00000nam  2200000   4500</controlfield>
    <datafield tag="004" ind1="0" ind2="0">
        <subfield code="a">h</subfield>
    </datafield>
    <datafield tag="008" ind1="0" ind2="0">
        <subfield code="t">m</subfield>
    </datafield>
    <datafield tag="009" ind1="0" ind2="0">
        <subfield code="a">a</subfield>
        <subfield code="g">xx</subfield>
    </datafield>
    <datafield tag="010" ind1="0" ind2="0">
        <subfield code="a">223861</subfield>
    </datafield>
    <datafield tag="015" ind1="0" ind2="0">
        <subfield code="a">2207552</subfield>
    </datafield>
    <datafield tag="015" ind1="0" ind2="0">
        <subfield code="a">2207566</subfield>
    </datafield>
    <datafield tag="015" ind1="0" ind2="0">
        <subfield code="a">2207607</subfield>
    </datafield>
    <datafield tag="015" ind1="0" ind2="0">
        <subfield code="a">2430682</subfield>
    </datafield>
    <datafield tag="100" ind1="0" ind2="0">
        <subfield code="a">Heidegger</subfield>
        <subfield code="h">Martin</subfield>
        <subfield code="c">1889-1976</subfield>
    </datafield>
    <datafield tag="245" ind1="0" ind2="0">
        <subfield code="a">Gesamtausgabe</subfield>
        <subfield code="e">Martin Heidegger</subfield>
    </datafield>
    <datafield tag="260" ind1="0" ind2="0">
        <subfield code="a">Frankfurt am Main</subfield>
        <subfield code="b">Vittorio Klostermann</subfield>
        <subfield code="c">1975-2008</subfield>
    </datafield>
    <datafield tag="300" ind1="0" ind2="0">
        <subfield code="a">Flere bd.</subfield>
    </datafield>
    <datafield tag="652" ind1="0" ind2="0">
        <subfield code="p">04.41</subfield>
    </datafield>
    <datafield tag="001" ind1=" " ind2=" ">
        <subfield code="a">000223861</subfield>
        <subfield code="f">a</subfield>
    </datafield>
    <datafield tag="OWN" ind1=" " ind2=" ">
        <subfield code="a">SB</subfield>
    </datafield>
    <datafield tag="HO0" ind1="8" ind2="8">
        <subfield code="~">SB</subfield>
        <subfield code="a">Fil</subfield>
        <subfield code="b">35</subfield>
        <subfield code="c">d</subfield>
    </datafield>
    <datafield tag="HO5" ind1="6" ind2="6">
        <subfield code="~">SB</subfield>
        <subfield code="a">Abt. 1: Bd. 1-8 i 9 bd., 9-13, 15-16 ; Abt. 2: Bd. 17-34, 36/37-63 ; Abt. 3: Bd. 64-70, 75-77, 79 ; Abt. 4: Bd. 85, 87, 88, 90 ; (Abt.1, Bd. 4 bortkommet)</subfield>
    </datafield>
    <datafield tag="HO5" ind1="9" ind2="0">
        <subfield code="~">SB</subfield>
        <subfield code="x">Bd.1ff</subfield>
        <subfield code="a">Filo</subfield>
        <subfield code="d">Delbanco</subfield>
        <subfield code="j">b000000</subfield>
        <subfield code="k">s060624</subfield>
        <subfield code="v">abonnement</subfield>
        <subfield code="z">HUM</subfield></datafield></record>